@book{bokn,
    author    = "R. H. Barnard, D. R. Philpott",
    title     = "Aircraft Flight: A Description of the Physical Principles of Aircraft Flight. Fourth edition",
    year      = "2010",
    publisher = "Pearson education limited",
    city   = "Harlow"
}
